@article{corr/abs-1903-00045,
  author = {Shijian Li and
            Robert J. Walls and
            Lijie Xu and
            Tian Guo},
  title = {Speeding up Deep Learning with Transient Servers},
  journal = {CoRR},
  year = {2019},
  archivePrefix = {arXiv},
  eprint = {1903.00045},
}